@article{woebbecke1995color,
  title={Color indices for weed identification under various soil, residue, and lighting conditions},
  author={Woebbecke, DM and Meyer, GE and Von Bargen, K and Mortensen, DA and others},
  journal={Transactions of the ASAE-American Society of Agricultural Engineers},
  volume={38},
  number={1},
  pages={259--270},
  year={1995},
  publisher={[St. Joseph, Mich., American Society of Agricultural Engineers], 1958-c2005.}
}

@inproceedings{jiang2010machine,
  title={A machine vision based crop rows detection for agricultural robots},
  author={Jiang, Guo-Quan and Zhao, Cui-Jun and Si, Yong-Sheng},
  booktitle={Wavelet Analysis and Pattern Recognition (ICWAPR), 2010 International Conference on},
  pages={114--118},
  year={2010},
  organization={IEEE}
}

@INPROCEEDINGS{7003860,
author={C. Tu and B. J. van Wyk and K. Djouani and Y. Hamam and S. Du},
booktitle={2014 7th International Congress on Image and Signal Processing},
title={An efficient crop row detection method for agriculture robots},
year={2014},
pages={655-659},
keywords={crops;image matching;mobile robots;path planning;robot vision;agriculture robots;captured frames;complex edging algorithms;complex matching algorithms;computation loads;crop row detection method;high time efficiency;vision-based navigation;Agriculture;Cameras;Image color analysis;Navigation;Robots;Transforms;Vehicles;Agriculture Robots;Computer Vision;Crop Row Detection;Hough transform (HT)},
doi={10.1109/CISP.2014.7003860},
month={Oct},}

@INPROCEEDINGS{7009678,
author={L. Y. Zheng and J. X. Xu},
booktitle={2014 International Conference on Machine Learning and Cybernetics},
title={Multi-crop-row detection based on strip analysis},
year={2014},
volume={2},
pages={611-614},
keywords={crops;feature extraction;image classification;least squares approximations;object detection;regression analysis;farmland feature images;horizontal image strips;image classification;least squares regression analysis;multicrop-row detection;strip analysis;Abstracts;Mathematics;Crop row;Crop row detection;Machine vision;Strip analysis},
doi={10.1109/ICMLC.2014.7009678},
ISSN={2160-133X},
month={July},}

@INPROCEEDINGS{6525881,
author={L. Hongzhe and L. Ye and X. Guangmei},
booktitle={Proceedings of 2012 2nd International Conference on Computer Science and Network Technology},
title={Research on quantifying color of HSV in extraction of middle-level semantic objects of traditional Chinese painting images},
year={2012},
pages={15-19},
keywords={art;feature extraction;image colour analysis;HSV;color quantification;middle-level semantic object extraction;scripts part;seals part;traditional Chinese painting image;color space;feature extraction;the scripts part;the seals part;traditional Chinese painting images},
doi={10.1109/ICCSNT.2012.6525881},
month={Dec},}

@INPROCEEDINGS{7500600,
author={H. Choi and M. Geeves and B. Alsalam and F. Gonzalez},
booktitle={2016 IEEE Aerospace Conference},
title={Open source computer-vision based guidance system for UAVs on-board decision making},
year={2016},
pages={1-5},
keywords={agriculture;autonomous aerial vehicles;cameras;control engineering computing;crops;decision making;microprocessor chips;path planning;public domain software;remote sensing;robot vision;Cartesian coordinates;GPS coordinate estimation;MAVProxy;Raspberry Pi 2 microprocessor;UAV on-board decision making;USB camera module;crop yields;disease outbreaks;flight plan;image processing;object of interest detection;open source computer-vision based guidance system;path planning;plant pest detection;precision agriculture;remote sensing tasks;unmanned aerial vehicle;Aerospace electronics;Australia;Cameras;Decision making;Image processing;Software algorithms;Unmanned aerial vehicles;Airborne Vision System;Remote Piloted Aircraft Systems},
doi={10.1109/AERO.2016.7500600},
month={March},}

@INPROCEEDINGS{7500671,
author={S. Ward and J. Hensler and B. Alsalam and L. F. Gonzalez},
booktitle={2016 IEEE Aerospace Conference},
title={Autonomous UAVs wildlife detection using thermal imaging, predictive navigation and computer vision},
year={2016},
pages={1-8},
keywords={Global Positioning System;Kalman filters;Markov processes;autonomous aerial vehicles;cameras;computer vision;ecology;graphical user interfaces;image filtering;image motion analysis;infrared imaging;maximum likelihood estimation;object detection;software architecture;GPS coordinates;GUI;Haversine formula;Kalman filter;Markov model based prediction algorithm;animal detection;animal location;autonomous UAV wildlife detection;computer vision;data sets;downward facing camera;feral animal monitoring;hardware architecture;heat signatures;maximum likelihood case;onboard computer;predictive dynamic application;predictive navigation;probabilistic model;software architecture;target movement behavioral dynamics;thermal camera;thermal imaging;unmanned aerial vehicles;Algorithm design and analysis;Cameras;Global Positioning System;Prediction algorithms;Wildlife;Remote sensing;Wildlife detection;feral animals remote Piloted Aircraft Systems},
doi={10.1109/AERO.2016.7500671},
month={March},}